<marc:record xmlns:marc="http://www.loc.gov/MARC21/slim"><marc:leader>00580nam a22001450a 45 0</marc:leader><marc:controlfield tag="001">306770</marc:controlfield><marc:controlfield tag="003">NL-AMISG</marc:controlfield><marc:controlfield tag="005">19950210234845.0</marc:controlfield><marc:controlfield tag="008">199502suuuuuuuu||||||||||||||||||||||| d</marc:controlfield><marc:datafield ind1=" " ind2=" " tag="035"><marc:subfield code="a">(IISG)IISGb10058520</marc:subfield></marc:datafield><marc:datafield ind1=" " ind2=" " tag="040"><marc:subfield code="a">NL-AmISG</marc:subfield></marc:datafield><marc:datafield ind1="1" ind2=" " tag="100"><marc:subfield code="a">Astrov, V.</marc:subfield></marc:datafield><marc:datafield ind1="1" ind2="0" tag="245"><marc:subfield code="a">Russkaja revoljucija i bor'ba za mir.</marc:subfield></marc:datafield><marc:datafield ind1=" " ind2=" " tag="260"><marc:subfield code="a">Petrograd,</marc:subfield><marc:subfield code="c">b.g.</marc:subfield></marc:datafield><marc:datafield ind1=" " ind2=" " tag="500"><marc:subfield code="a">Izd. "Kniga". V prerpl. s : V.V. Vodovozov, Vojna i revoljucija.</marc:subfield></marc:datafield><marc:datafield ind1=" " ind2=" " tag="690"><marc:subfield code="a">R 504</marc:subfield><marc:subfield code="b">Russia; Soviet Union 1917 - 1987; Russian Revolution and Civil War 1917 - 1922; October Revolution; Russian brochures 1917 - 1918</marc:subfield><marc:subfield code="c">Rusland; Revolutie en Burgeroorlog; Oktober-revolutie; Russische brochures 1917 - 1918.</marc:subfield></marc:datafield><marc:datafield ind1=" " ind2=" " tag="852"><marc:subfield code="a">IISG</marc:subfield><marc:subfield code="b">IISG</marc:subfield><marc:subfield code="c">IISG</marc:subfield><marc:subfield code="j">R 504/20</marc:subfield><marc:subfield code="p">N10057891</marc:subfield></marc:datafield><marc:datafield ind1=" " ind2=" " tag="901"><marc:subfield code="a">306770</marc:subfield><marc:subfield code="b">Unknown</marc:subfield><marc:subfield code="c">306770</marc:subfield><marc:subfield code="t">biblio</marc:subfield></marc:datafield><marc:datafield ind1=" " ind2=" " tag="902"><marc:subfield code="a">10622/E66E0562-8156-4C84-BD02-CDB5B1312E72</marc:subfield></marc:datafield></marc:record>